<collection xmlns="http://www.loc.gov/MARC21/slim">
<record>
  <leader>03792nam0a22005531i 450 </leader>
  <controlfield tag="001">IT\ICCU\CNCE\039121</controlfield>
  <controlfield tag="005">20150219000000.0</controlfield>
  <datafield tag="012" ind1=" " ind2=" ">
    <subfield code="a">s.t. S.i* el,&amp; al1. (3) 1575 (R)</subfield>
    <subfield code="2">fei</subfield>
  </datafield>
  <datafield tag="100" ind1=" " ind2=" ">
    <subfield code="a">19981030d1575        0itac0103    ba</subfield>
  </datafield>
  <datafield tag="101" ind1=" " ind2=" ">
    <subfield code="a">LAT</subfield>
  </datafield>
  <datafield tag="102" ind1=" " ind2=" ">
    <subfield code="a">IT</subfield>
  </datafield>
  <datafield tag="200" ind1="1" ind2=" ">
    <subfield code="a">℗Mariani Socini senioris Senensis ℗Admirabilia commentaria super prima parte libri quinti Decretalium. Hac secunda editione ab innumeris, quibus antea repleta erant mendis, ... summa industria, &amp; labore nunc denuo repurgata, &amp; suppleta; nec non locupletissimis argumentis illustrata, in lucem prodeunt. In quibus quamplures, et varijs tractatus iuris exactissim ̈explicatur, ... Index praeterea copiosissimus rerum notabilium, &amp; verborum adiectus est. Accessere postmodum duo alij indices, ...</subfield>
  </datafield>
  <datafield tag="210" ind1=" " ind2=" ">
    <subfield code="a">Parmae</subfield>
    <subfield code="c">ex typis Seth Vioti</subfield>
    <subfield code="d">1575</subfield>
    <subfield code="e">Parmae</subfield>
    <subfield code="g">apud Seth Viotum</subfield>
    <subfield code="h">1575</subfield>
  </datafield>
  <datafield tag="215" ind1=" " ind2=" ">
    <subfield code="a">\38!, 313, \1! c.</subfield>
    <subfield code="d">fol</subfield>
  </datafield>
  <datafield tag="300" ind1=" " ind2=" ">
    <subfield code="a">Var. B: Parmae : ex typis Seth Vioti, 1575 (Parmae : apud Seth Viotum, 1574)</subfield>
  </datafield>
  <datafield tag="620" ind1=" " ind2=" ">
    <subfield code="a">IT</subfield>
    <subfield code="d">Parma</subfield>
  </datafield>
  <datafield tag="700" ind1=" " ind2="1">
    <subfield code="a">Soccini,</subfield>
    <subfield code="b">Mariano</subfield>
    <subfield code="c"> &lt;il vecchio&gt;</subfield>
    <subfield code="3">IT\ICCU\CNCA\008370</subfield>
  </datafield>
  <datafield tag="712" ind1="0" ind2="0">
    <subfield code="a">Viotti, Seth</subfield>
    <subfield code="3">IT\ICCU\CNCT\000228</subfield>
    <subfield code="4">650</subfield>
  </datafield>
  <datafield tag="790" ind1=" " ind2="1">
    <subfield code="a">Socinus,</subfield>
    <subfield code="b">Marianus</subfield>
    <subfield code="c"> &lt;il vecchio&gt;</subfield>
    <subfield code="3">IT\ICCU\CNCA\009429</subfield>
    <subfield code="z">Soccini, Mariano &lt;il vecchio&gt;</subfield>
  </datafield>
  <datafield tag="790" ind1=" " ind2="1">
    <subfield code="a">Socini,</subfield>
    <subfield code="b">Mariano</subfield>
    <subfield code="c"> &lt;il vecchio&gt;</subfield>
    <subfield code="3">IT\ICCU\CNCA\024029</subfield>
    <subfield code="z">Soccini, Mariano &lt;il vecchio&gt;</subfield>
  </datafield>
  <datafield tag="790" ind1=" " ind2="1">
    <subfield code="a">Sozinus,</subfield>
    <subfield code="b">Marianus</subfield>
    <subfield code="c"> &lt;il vecchio&gt;</subfield>
    <subfield code="3">IT\ICCU\CNCA\024030</subfield>
    <subfield code="z">Soccini, Mariano &lt;il vecchio&gt;</subfield>
  </datafield>
  <datafield tag="790" ind1=" " ind2="1">
    <subfield code="a">De_Socinis,</subfield>
    <subfield code="b">Marianus</subfield>
    <subfield code="3">IT\ICCU\CNCA\024033</subfield>
    <subfield code="z">Soccini, Mariano &lt;il vecchio&gt;</subfield>
  </datafield>
  <datafield tag="791" ind1="0" ind2="0">
    <subfield code="a">Viotto, Sette</subfield>
    <subfield code="3">IT\ICCU\CNCT\004169</subfield>
    <subfield code="z">Viotti, Seth</subfield>
  </datafield>
  <datafield tag="791" ind1="0" ind2="0">
    <subfield code="a">Viottus, Septimus</subfield>
    <subfield code="3">IT\ICCU\CNCT\004170</subfield>
    <subfield code="z">Viotti, Seth</subfield>
  </datafield>
  <datafield tag="791" ind1="0" ind2="0">
    <subfield code="a">Vioto, Seth</subfield>
    <subfield code="3">IT\ICCU\CNCT\005899</subfield>
    <subfield code="z">Viotti, Seth</subfield>
  </datafield>
  <datafield tag="791" ind1="0" ind2="0">
    <subfield code="a">Viottis, Seth de</subfield>
    <subfield code="3">IT\ICCU\CNCT\005900</subfield>
    <subfield code="z">Viotti, Seth</subfield>
  </datafield>
  <datafield tag="801" ind1=" " ind2="3">
    <subfield code="a">IT</subfield>
    <subfield code="b">ICCU</subfield>
    <subfield code="c">20201114</subfield>
  </datafield>
  <datafield tag="899" ind1=" " ind2=" ">
    <subfield code="a">Biblioteca comunale Francesco Cini. Osimo</subfield>
    <subfield code="1">AN0054</subfield>
    <subfield code="2">URB B2</subfield>
  </datafield>
  <datafield tag="899" ind1=" " ind2=" ">
    <subfield code="a">Biblioteca statale. Cremona</subfield>
    <subfield code="1">CR0062</subfield>
    <subfield code="2">LO1 28</subfield>
  </datafield>
  <datafield tag="899" ind1=" " ind2=" ">
    <subfield code="a">Biblioteca Apostolica Vaticana. Citt ̉del Vaticano</subfield>
    <subfield code="1">EX0001</subfield>
    <subfield code="2">ZCV 01</subfield>
  </datafield>
  <datafield tag="899" ind1=" " ind2=" ">
    <subfield code="a">Biblioteca di Scienze sociali. Firenze</subfield>
    <subfield code="z">(Var. B)</subfield>
    <subfield code="1">FI0597</subfield>
    <subfield code="2">UFI KE</subfield>
  </datafield>
  <datafield tag="899" ind1=" " ind2=" ">
    <subfield code="a"></subfield>
    <subfield code="1">LE0132</subfield>
    <subfield code="2">LEK L9</subfield>
  </datafield>
  <datafield tag="899" ind1=" " ind2=" ">
    <subfield code="a">Biblioteca del Seminario arcivescovile. Camerino</subfield>
    <subfield code="z">(Var. B)</subfield>
    <subfield code="1">MC0093</subfield>
    <subfield code="2">PBE 22</subfield>
  </datafield>
  <datafield tag="899" ind1=" " ind2=" ">
    <subfield code="a">Biblioteca nazionale Vittorio Emanuele III. Napoli</subfield>
    <subfield code="1">NA0079</subfield>
    <subfield code="2">NAP BN</subfield>
  </datafield>
  <datafield tag="899" ind1=" " ind2=" ">
    <subfield code="a">Biblioteca Dominicini. Perugia</subfield>
    <subfield code="z">(Var. B)</subfield>
    <subfield code="1">PG0151</subfield>
    <subfield code="2">UM1 40</subfield>
  </datafield>
  <datafield tag="899" ind1=" " ind2=" ">
    <subfield code="a">Biblioteca centrale dell&apos;Universit ̉degli studi di Perugia. Perugia</subfield>
    <subfield code="1">PG0251</subfield>
    <subfield code="2">ZPG 08</subfield>
  </datafield>
  <datafield tag="899" ind1=" " ind2=" ">
    <subfield code="a">Biblioteca Cathariniana. Pisa</subfield>
    <subfield code="1">PI0027</subfield>
    <subfield code="2">RT1 QW</subfield>
  </datafield>
  <datafield tag="899" ind1=" " ind2=" ">
    <subfield code="a">Biblioteca universitaria. Pisa</subfield>
    <subfield code="1">PI0112</subfield>
    <subfield code="2">PIS R1</subfield>
  </datafield>
  <datafield tag="899" ind1=" " ind2=" ">
    <subfield code="a">Biblioteca di Giurisprudenza. Sede di diritto privato Ugo Natoli. Diritto romano e storia del diritto dell&apos;Universit ̉di Pisa. Pisa</subfield>
    <subfield code="1">PI0185</subfield>
    <subfield code="2">ZPI 11</subfield>
  </datafield>
  <datafield tag="899" ind1=" " ind2=" ">
    <subfield code="a">Biblioteca comunale Manfrediana. Faenza</subfield>
    <subfield code="1">RA0016</subfield>
    <subfield code="2">RAV FA</subfield>
  </datafield>
  <datafield tag="899" ind1=" " ind2=" ">
    <subfield code="a">Biblioteca nazionale centrale. Roma</subfield>
    <subfield code="1">RM0267</subfield>
    <subfield code="2">BVE CR</subfield>
  </datafield>
  <datafield tag="899" ind1=" " ind2=" ">
    <subfield code="a">Biblioteca universitaria Alessandrina. Roma</subfield>
    <subfield code="1">RM0280</subfield>
    <subfield code="2">RML 01</subfield>
  </datafield>
  <datafield tag="899" ind1=" " ind2=" ">
    <subfield code="a">Biblioteca Casanatense. Roma</subfield>
    <subfield code="z">(Var. B)</subfield>
    <subfield code="1">RM0313</subfield>
    <subfield code="2">RML 07</subfield>
  </datafield>
  <datafield tag="899" ind1=" " ind2=" ">
    <subfield code="a">Biblioteca comunale degli Intronati. Siena</subfield>
    <subfield code="1">SI0046</subfield>
    <subfield code="2">RT1 QI</subfield>
  </datafield>
  <datafield tag="899" ind1=" " ind2=" ">
    <subfield code="a">Biblioteca del Monte dei Paschi di Siena. Siena</subfield>
    <subfield code="1">SI0057</subfield>
    <subfield code="2">ZSI 09</subfield>
  </datafield>
  <datafield tag="911" ind1=" " ind2=" ">
    <subfield code="a">Sul front.</subfield>
    <subfield code="9">IT\ICCU\CNCM\000188</subfield>
  </datafield>
  <datafield tag="911" ind1=" " ind2=" ">
    <subfield code="a">In fine</subfield>
    <subfield code="9">IT\ICCU\CNCM\000171</subfield>
  </datafield>
  <datafield tag="921" ind1=" " ind2=" ">
    <subfield code="a">IT\ICCU\CNCM\000188</subfield>
    <subfield code="b">Liocorno che immerge il corno in un corso d&apos;acqua. In cornice figurata.</subfield>
    <subfield code="e">Nasce dalla virtu la scurezza; Virtus securitate parit.</subfield>
    <subfield code="c">T8</subfield>
    <subfield code="c">V161</subfield>
    <subfield code="c">Z813</subfield>
    <subfield code="d">Dimensioni 8 x 10</subfield>
    <subfield code="f">ASPIDI</subfield>
    <subfield code="f">LIOCORNO</subfield>
    <subfield code="f">VIRTUSSECU</subfield>
    <subfield code="g">1574-1600</subfield>
  </datafield>
  <datafield tag="921" ind1=" " ind2=" ">
    <subfield code="a">IT\ICCU\CNCM\000171</subfield>
    <subfield code="b">Liocorno che immerge il corno in un corso d&apos;acqua. In cornice figurata</subfield>
    <subfield code="e">Virtus securitatem parit.</subfield>
    <subfield code="c">A16</subfield>
    <subfield code="c">Z810</subfield>
    <subfield code="d">Dimensioni: 6,5 x 6,7</subfield>
    <subfield code="f">UNICORNO</subfield>
    <subfield code="f">VIRTUSSECU</subfield>
    <subfield code="g">1556-1595</subfield>
  </datafield>
</record>
</collection>
